% ARCHIVO DE BIBLIOGRAFÍA PARA TAREA 1
% Asesoramiento Psicopedagógico en Procesos de Enseñanza Aprendizaje
% 
% Referencias de la bibliografía básica del Tema 1

% ========================================
% BIBLIOGRAFÍA BÁSICA DEL CURSO
% ========================================

@incollection{velaz2009,
  author = {Vélaz de Medrano, Consuelo},
  title = {Asesoramiento psicopedagógico y socioeducativo: La colaboración multiprofesional para resolver problemas educativos desde el enfoque comunitario},
  booktitle = {Educación y protección de menores en riesgo},
  editor = {Vélaz de Medrano, Consuelo and Ferrándis, A. and Díez, M. and Alonso, C.},
  publisher = {Graó},
  year = {2009},
  pages = {1--190},
  address = {Barcelona},
  isbn = {978-84-7827-713-1},
  series = {Acción comunitaria y socioeducativa. Col.: Crítica y Fundamentos}
}

% ========================================
% AÑADE AQUÍ REFERENCIAS ADICIONALES
% ========================================

% Ejemplo de cómo citar en el texto:
% - Cita narrativa: @velaz2009
% - Cita entre paréntesis: [@velaz2009]
% - Con página específica: [@velaz2009, pp. 1-47]
